<?xml version="1.0" encoding="UTF-8"?><record xmlns="http://www.loc.gov/MARC21/slim" xmlns:cinclude="http://apache.org/cocoon/include/1.0" xmlns:zs="http://www.loc.gov/zing/srw/">
  <leader>00735cz  a2200181n  4500</leader>
  <controlfield tag="001">n  97850088 </controlfield>
  <controlfield tag="003">DLC</controlfield>
  <controlfield tag="005">20060907073146.0</controlfield>
  <controlfield tag="008">971029n| acannaabn           a aad     c</controlfield>
  <datafield tag="010" ind1=" " ind2=" ">
    <subfield code="a">n  97850088 </subfield>
  </datafield>
  <datafield tag="035" ind1=" " ind2=" ">
    <subfield code="a">(NN-PD)NN 301579693</subfield>
  </datafield>
  <datafield tag="040" ind1=" " ind2=" ">
    <subfield code="a">NN-PD</subfield>
    <subfield code="c">NN-PD</subfield>
    <subfield code="d">DLC</subfield>
  </datafield>
  <datafield tag="100" ind1="1" ind2=" ">
    <subfield code="a">Barron, Zelda</subfield>
  </datafield>
  <datafield tag="400" ind1="1" ind2=" ">
    <subfield code="a">Solomons, Zelda Ruth</subfield>
  </datafield>
  <datafield tag="667" ind1=" " ind2=" ">
    <subfield code="a">Film director.</subfield>
  </datafield>
  <datafield tag="667" ind1=" " ind2=" ">
    <subfield code="a">Data contributed by the Dance Heritage Coalition for the New York Public Library Dance Collection.</subfield>
  </datafield>
  <datafield tag="670" ind1=" " ind2=" ">
    <subfield code="a">*MGZIA 4-1164  Shag, the movie [videorecording] c1988.</subfield>
  </datafield>
  <datafield tag="670" ind1=" " ind2=" ">
    <subfield code="a">Independent online ed., Sept. 7, 2006</subfield>
    <subfield code="b">(Zelda Barron; b. Zelda Ruth Solomons, Mar. 31, 1929, Cheetham, Manchester; m. Ron Barron, 1953; d. Aug. 14, 2006; continuity girl turned director)</subfield>
  </datafield>
</record>